<collection xmlns="http://www.loc.gov/MARC21/slim">
<record>
  <leader>01987nam0a22003731i 450 </leader>
  <controlfield tag="001">IT\ICCU\CNCE\028333</controlfield>
  <controlfield tag="005">20060216000000.0</controlfield>
  <datafield tag="012" ind1=" " ind2=" ">
    <subfield code="a">sti- 584. t.an fipl (3) 1565 (Q)</subfield>
    <subfield code="2">fei</subfield>
  </datafield>
  <datafield tag="100" ind1=" " ind2=" ">
    <subfield code="a">19971106f1565        0itac0103    ba</subfield>
  </datafield>
  <datafield tag="101" ind1=" " ind2=" ">
    <subfield code="a">LAT</subfield>
  </datafield>
  <datafield tag="102" ind1=" " ind2=" ">
    <subfield code="a">IT</subfield>
  </datafield>
  <datafield tag="200" ind1="1" ind2=" ">
    <subfield code="a">℗T. Liuii Patauini lacteo Eloquentiae fonte manantis ℗orationes, separatim cum argumentis editae, in iuuentutis studiosae commoditatem. Quibus accesserunt orationes omnes, quae iam extant. Apud C. Crispum Sallustium, Q. Curtium, C. Caesarem, P. CorneliumTacitum, Herodianum, et scholia ex Carolo Sigonio in Liuium</subfield>
  </datafield>
  <datafield tag="210" ind1=" " ind2=" ">
    <subfield code="a">Brixiae</subfield>
    <subfield code="c">apud Petrum Mariam Marchettum</subfield>
    <subfield code="d">\non prima del 1565!</subfield>
  </datafield>
  <datafield tag="215" ind1=" " ind2=" ">
    <subfield code="a">\16!, 496, \3! p</subfield>
  </datafield>
  <datafield tag="300" ind1=" " ind2=" ">
    <subfield code="a">Eliminata perch ̈ ̈la CNC28582</subfield>
  </datafield>
  <datafield tag="620" ind1=" " ind2=" ">
    <subfield code="a">IT</subfield>
    <subfield code="d">Brescia</subfield>
  </datafield>
  <datafield tag="700" ind1=" " ind2="1">
    <subfield code="a">Livius,</subfield>
    <subfield code="b">Titus</subfield>
    <subfield code="3">IT\ICCU\CNCA\007254</subfield>
  </datafield>
  <datafield tag="701" ind1=" " ind2="1">
    <subfield code="a">Curtius Rufus,</subfield>
    <subfield code="b">Quintus</subfield>
    <subfield code="3">IT\ICCU\CNCA\003611</subfield>
  </datafield>
  <datafield tag="701" ind1=" " ind2="0">
    <subfield code="a">Herodianus</subfield>
    <subfield code="c"> : Syrus</subfield>
    <subfield code="3">IT\ICCU\CNCA\005664</subfield>
  </datafield>
  <datafield tag="702" ind1=" " ind2="1">
    <subfield code="a">Sallustius Crispus,</subfield>
    <subfield code="b">Gaius</subfield>
    <subfield code="3">IT\ICCU\CNCA\006626</subfield>
  </datafield>
  <datafield tag="702" ind1=" " ind2="1">
    <subfield code="a">Sigonio,</subfield>
    <subfield code="b">Carlo</subfield>
    <subfield code="3">IT\ICCU\CNCA\000297</subfield>
  </datafield>
  <datafield tag="702" ind1=" " ind2="1">
    <subfield code="a">Caesar,</subfield>
    <subfield code="b">Gaius Iulius</subfield>
    <subfield code="3">IT\ICCU\CNCA\002169</subfield>
  </datafield>
  <datafield tag="702" ind1=" " ind2="1">
    <subfield code="a">Tacitus,</subfield>
    <subfield code="b">Publius Cornelius</subfield>
    <subfield code="3">IT\ICCU\CNCA\002262</subfield>
  </datafield>
  <datafield tag="712" ind1="0" ind2="0">
    <subfield code="a">Marchetti, Pietro Maria</subfield>
    <subfield code="3">IT\ICCU\CNCT\000255</subfield>
    <subfield code="4">650</subfield>
  </datafield>
  <datafield tag="790" ind1=" " ind2="0">
    <subfield code="a">Tito Livio</subfield>
    <subfield code="3">IT\ICCU\CNCA\018617</subfield>
    <subfield code="z">Livius, Titus</subfield>
  </datafield>
  <datafield tag="790" ind1=" " ind2="1">
    <subfield code="a">Rufus,</subfield>
    <subfield code="b">Quintus Curtius</subfield>
    <subfield code="3">IT\ICCU\CNCA\013917</subfield>
    <subfield code="z">Curtius Rufus, Quintus</subfield>
  </datafield>
  <datafield tag="790" ind1=" " ind2="0">
    <subfield code="a">Erodiano</subfield>
    <subfield code="c"> &lt;storico&gt;</subfield>
    <subfield code="3">IT\ICCU\CNCA\014368</subfield>
    <subfield code="z">Herodianus : Syrus</subfield>
  </datafield>
  <datafield tag="790" ind1=" " ind2="1">
    <subfield code="a">Sigonius,</subfield>
    <subfield code="b">Carolus</subfield>
    <subfield code="3">IT\ICCU\CNCA\014875</subfield>
    <subfield code="z">Sigonio, Carlo</subfield>
  </datafield>
  <datafield tag="790" ind1=" " ind2="0">
    <subfield code="a">Cornelius Tacitus</subfield>
    <subfield code="3">IT\ICCU\CNCA\013976</subfield>
    <subfield code="z">Tacitus, Publius Cornelius</subfield>
  </datafield>
  <datafield tag="790" ind1=" " ind2="1">
    <subfield code="a">Tacitus,</subfield>
    <subfield code="b">Gaius Cornelius</subfield>
    <subfield code="3">IT\ICCU\CNCA\014955</subfield>
    <subfield code="z">Tacitus, Publius Cornelius</subfield>
  </datafield>
  <datafield tag="790" ind1=" " ind2="1">
    <subfield code="a">Tacitus,</subfield>
    <subfield code="b">Cornelius</subfield>
    <subfield code="3">IT\ICCU\CNCA\023944</subfield>
    <subfield code="z">Tacitus, Publius Cornelius</subfield>
  </datafield>
  <datafield tag="791" ind1="0" ind2="0">
    <subfield code="a">Marchettus, Petrus Maria</subfield>
    <subfield code="3">IT\ICCU\CNCT\005027</subfield>
    <subfield code="z">Marchetti, Pietro Maria</subfield>
  </datafield>
  <datafield tag="801" ind1=" " ind2="3">
    <subfield code="a">IT</subfield>
    <subfield code="b">ICCU</subfield>
    <subfield code="c">20201114</subfield>
  </datafield>
  <datafield tag="899" ind1=" " ind2=" ">
    <subfield code="a">Biblioteca civica Farinone-Centa. Varallo Sesia</subfield>
    <subfield code="1">VC0086</subfield>
    <subfield code="2">TO0 A5</subfield>
  </datafield>
</record>
</collection>
